<record><leader>00000cas a2200000 a 4500</leader><controlfield tag="001">13287375</controlfield><controlfield tag="008">860312d18561856miudn ne      0   a0eng d</controlfield><datafield ind1=" " ind2=" " tag="010"><subfield code="a">sn 86091496 </subfield></datafield><datafield ind1=" " ind2=" " tag="040"><subfield code="a">WIH</subfield><subfield code="b">eng</subfield><subfield code="c">WIH</subfield><subfield code="d">UNP</subfield><subfield code="d">MHN</subfield><subfield code="d">OCL</subfield><subfield code="d">OCLCG</subfield><subfield code="d">OCLCQ</subfield><subfield code="d">OCLCO</subfield><subfield code="d">CUS</subfield></datafield><datafield ind1=" " ind2=" " tag="042"><subfield code="a">msc</subfield></datafield><datafield ind1=" " ind2=" " tag="043"><subfield code="a">n-us-mi</subfield></datafield><datafield ind1="1" ind2="4" tag="050"><subfield code="a">AN</subfield></datafield><datafield ind1="0" ind2="0" tag="245"><subfield code="a">Daily northern islander.</subfield></datafield><datafield ind1="1" ind2="3" tag="246"><subfield code="a">Daily islander</subfield></datafield><datafield ind1=" " ind2=" " tag="260"><subfield code="a">Saint James (Beaver Island, Lake Michigan) [Mich.] :</subfield><subfield code="b">Cooper &amp; Chidester,</subfield><subfield code="c">1856.</subfield></datafield><datafield ind1=" " ind2=" " tag="300"><subfield code="a">1 v. ;</subfield><subfield code="c">35 x 27 cm.</subfield></datafield><datafield ind1=" " ind2=" " tag="310"><subfield code="a">Six times a week</subfield></datafield><datafield ind1="0" ind2=" " tag="362"><subfield code="a">Vol. 1, no. 1 (Apr. 1, 1856)-v. 1, no. 33 (June 20, 1856).</subfield></datafield><datafield ind1=" " ind2=" " tag="500"><subfield code="a">Editor: James J. Strang.</subfield></datafield><datafield ind1=" " ind2=" " tag="580"><subfield code="a">Also issued in weekly ed. called: Northern islander.</subfield></datafield><datafield ind1="2" ind2="0" tag="610"><subfield code="a">Church of Jesus Christ (Strangites)</subfield><subfield code="v">Newspapers.</subfield></datafield><datafield ind1=" " ind2="0" tag="650"><subfield code="a">Mormons</subfield><subfield code="z">Michigan</subfield><subfield code="z">Beaver Island</subfield><subfield code="v">Newspapers.</subfield></datafield><datafield ind1=" " ind2="0" tag="651"><subfield code="a">Beaver Island (Mich.)</subfield><subfield code="x">History</subfield><subfield code="v">Newspapers.</subfield></datafield><datafield ind1=" " ind2="0" tag="651"><subfield code="a">Saint James (Mich.)</subfield><subfield code="v">Newspapers.</subfield></datafield><datafield ind1=" " ind2="0" tag="651"><subfield code="a">Charlevoix County (Mich.)</subfield><subfield code="v">Newspapers.</subfield></datafield><datafield ind1="1" ind2=" " tag="700"><subfield code="a">Strang, James Jesse,</subfield><subfield code="d">1813-1856.</subfield></datafield><datafield ind1=" " ind2=" " tag="752"><subfield code="a">United States</subfield><subfield code="b">Michigan</subfield><subfield code="c">Charlevoix</subfield><subfield code="d">Saint James.</subfield></datafield><datafield ind1="1" ind2=" " tag="775"><subfield code="t">Northern islander</subfield><subfield code="w">(DLC)sn 86091497</subfield><subfield code="w">(OCoLC)13287147</subfield></datafield><datafield ind1="4" ind2="1" tag="856"><subfield code="3">05/05/1856 to 06/20/1856</subfield><subfield code="u">http://infoweb.newsbank.com/?db=EANX&amp;s_browseRef=decades/14FA9DA978355065/all.xml</subfield></datafield><datafield ind1="1" ind2=" " tag="029"><subfield code="a">AU@</subfield><subfield code="b">000004694738</subfield></datafield></record>